


@article{bergeaud2020empirical,
  title={An empirical analysis of the spatial variability of fuel prices in the United States},
  author={Bergeaud, Antonin and Raimbault, Juste},
  journal={Transportation Research Part A: Policy and Practice},
  volume={132},
  pages={131--143},
  year={2020},
  publisher={Elsevier}
}


@misc{raimbault2020comparison,
    title={A comparison of simple models for urban morphogenesis},
    author={Juste Raimbault},
    year={2020},
    eprint={2008.13277},
    archivePrefix={arXiv},
    primaryClass={physics.soc-ph}
}



@article{Raimbault_2020, title={Empowering Urban Governance through Urban Science: Multi-Scale Dynamics of Urban Systems Worldwide}, volume={12}, ISSN={2071-1050}, url={http://dx.doi.org/10.3390/su12155954}, DOI={10.3390/su12155954}, number={15}, journal={Sustainability}, publisher={MDPI AG}, author={Raimbault, Juste and Denis, Eric and Pumain, Denise}, year={2020}, month={Jul}, pages={5954}}


@article{raimbault2019modeling,
  title={Modeling interactions between transportation networks and territories: a co-evolution approach},
  author={Raimbault, J.},
  journal={arXiv preprint arXiv:1902.04802},
  year={2019}
}


@article{bedau2002downward,
  title={Downward causation and the autonomy of weak emergence},
  author={Bedau, Mark},
  journal={Principia: an international journal of epistemology},
  volume={6},
  number={1},
  pages={5--50},
  year={2002}
}



@inproceedings{raimbault2019towards,
  title={Towards multi-scalar models for the co-evolution of transportation networks and territories},
  author={Raimbault, Juste},
  booktitle={Theo Quant 2019},
  year={2019}
}


@article{vandenbulcke2017location,
  title={On the location of reported and unreported cycling accidents: A spatial network analysis for Brussels},
  author={Vandenbulcke, Gr{\'e}gory and Int Panis, Luc and Thomas, Isabelle},
  journal={Cybergeo: European Journal of Geography},
  year={2017},
  publisher={CNRS-UMR G{\'e}ographie-cit{\'e}s 8504}
}


@article{raimbault2017cost,
  title={The cost of transportation: Spatial analysis of us fuel prices},
  author={Raimbault, Juste and Bergeaud, Antonin},
  journal={arXiv preprint arXiv:1706.07467},
  year={2017}
}


@article{raimbault2019modeling,
  title={Modeling the co-evolution of cities and networks},
  author={Raimbault, Juste},
  journal={Handbook of Cities and Network, Rozenblat, C. and Niel, Z., eds, Edwar Elgar Publishing, in press. arXiv:1804.09430},
  year={2019}
}

@article{raimbault2018unveiling,
  title={Unveiling co-evolutionary patterns in systems of cities: a systematic exploration of the SimpopNet model},
  author={Raimbault, Juste},
  journal={arXiv preprint arXiv:1809.00861},
  year={2018}
}


@article{tero2010rules,
	Author = {Tero, Atsushi and Takagi, Seiji and Saigusa, Tetsu and Ito, Kentaro and Bebber, Dan P. and Fricker, Mark D. and Yumiki, Kenji and Kobayashi, Ryo and Nakagaki, Toshiyuki},
	Journal = {Science},
	Number = {5964},
	Pages = {439-442},
	Title = {Rules for Biologically Inspired Adaptive Network Design},
	Volume = {327},
	Year = {2010}}



@article{louf2013emergence,
	Author = {Louf, R{\'e}mi and Jensen, Pablo and Barthelemy, Marc},
	Journal = {Proceedings of the National Academy of Sciences},
	Number = {22},
	Pages = {8824--8829},
	Title = {Emergence of hierarchy in cost-driven growth of spatial networks},
	Volume = {110},
	Year = {2013}}



@inproceedings{sayama2007decentralized,
	Author = {Sayama, Hiroki},
	Booktitle = {European Conference on Artificial Life},
	Organization = {Springer},
	Pages = {675--684},
	Title = {Decentralized control and interactive design methods for large-scale heterogeneous self-organizing swarms},
	Year = {2007}}



@article{Aage:2017aa,
	Author = {Aage, Niels and Andreassen, Erik and Lazarov, Boyan S. and Sigmund, Ole},
	Journal = {Nature},
	Month = {10},
	Number = {7674},
	Pages = {84--86},
	Title = {Giga-voxel computational morphogenesis for structural design},
	Volume = {550},
	Year = {2017}}




@article{jun2005formation,
	Author = {Jun, Joseph K and H{\"u}bler, Alfred H},
	Date-Added = {2017-10-10 13:14:27 +0000},
	Date-Modified = {2017-10-10 13:14:27 +0000},
	Journal = {Proceedings of the National Academy of Sciences of the United States of America},
	Number = {3},
	Pages = {536--540},
	Publisher = {National Acad Sciences},
	Title = {Formation and structure of ramified charge transportation networks in an electromechanical system},
	Volume = {102},
	Year = {2005}}




@article{serra1994morphological,
  title={Morphological filtering: an overview},
  author={Serra, Jean},
  journal={Signal processing},
  volume={38},
  number={1},
  pages={3--11},
  year={1994},
  publisher={Elsevier}
}



@article{pumain2015multilevel,
  title={Multilevel comparison of large urban systems},
  author={Pumain, Denise and Swerts, Elfie and Cottineau, Cl{\'e}mentine and Vacchiani-Marcuzzo, C{\'e}line and Ignazzi, Cosmo Antonio and Bretagnolle, Anne and Delisle, Fran{\c{c}}ois and Cura, Robin and Lizzi, Liliane and Baffi, Sol{\`e}ne},
  journal={Cybergeo: European Journal of Geography},
  year={2015},
  publisher={CNRS-UMR G{\'e}ographie-cit{\'e}s 8504}
}


@incollection{raimbault2019urban,
  title={An urban morphogenesis model capturing interactions between networks and territories},
  author={Raimbault, Juste},
  booktitle={The Mathematics of Urban Morphology},
  pages={383--409},
  year={2019},
  publisher={Springer}
}


@article{fan2014quality,
  title={Quality assessment for building footprints data on OpenStreetMap},
  author={Fan, Hongchao and Zipf, Alexander and Fu, Qing and Neis, Pascal},
  journal={International Journal of Geographical Information Science},
  volume={28},
  number={4},
  pages={700--719},
  year={2014},
  publisher={Taylor \& Francis}
}



@book{fotheringham2003geographically,
  title={Geographically weighted regression: the analysis of spatially varying relationships},
  author={Fotheringham, A Stewart and Brunsdon, Chris and Charlton, Martin},
  year={2003},
  publisher={John Wiley \& Sons}
}



@article{10.1371/journal.pone.0138212,
	Author = {Ch{\'e}rel, Guillaume AND Cottineau, Cl{\'e}mentine AND Reuillon, Romain},
	Journal = {PLoS ONE},
	Month = {09},
	Number = {9},
	Pages = {e0138212},
	Title = {Beyond Corroboration: Strengthening Model Validation by Looking for Unexpected Patterns},
	Volume = {10},
	Year = {2015}}




@phdthesis{cottineau2014evolution,
	Author = {Cottineau, Cl{\'e}mentine},
	School = {Universit{\'e} Paris 1 Panth{\'e}on-Sorbonne},
	Title = {L'{\'e}volution des villes dans l'espace post-sovi{\'e}tique. Observation et mod{\'e}lisations.},
	Year = {2014}}



@article{reuillon2015,
	Author = {Reuillon, Romain and Schmitt, Clara and De Aldama, Ricardo and Mouret, Jean-Baptiste},
	Journal = {Journal of Artificial Societies and Social Simulation},
	Number = {1},
	Pages = {12},
	Title = {A New Method to Evaluate Simulation Models: The Calibration Profile (CP) Algorithm},
	Volume = {18},
	Year = {2015}}




@article{schmitt2014half,
	Author = {Schmitt, Clara and Rey-Coyrehourcq, S{\'e}bastien and Reuillon, Romain and Pumain, Denise},
	Journal = {Environment and Planning B: Planning and Design},
	Number = {2},
	Pages = {300--315},
	Title = {Half a billion simulations: Evolutionary algorithms and distributed computing for calibrating the SimpopLocal geographical model},
	Volume = {42},
	Year = {2015}}




@article{mogheir2004characterizing,
  title={Characterizing the spatial variability of groundwater quality using the entropy theory: I. Synthetic data},
  author={Mogheir, Y and De Lima, JLMP and Singh, VP},
  journal={Hydrological processes},
  volume={18},
  number={11},
  pages={2165--2179},
  year={2004},
  publisher={Wiley Online Library}
}



@article{pumain2008socio,
	Author = {Pumain, Denise},
	Journal = {The Dynamics of Complex Urban Systems},
	Pages = {373--389},
	Title = {The socio-spatial dynamics of systems of cities and innovation processes: a multi-level model},
	Year = {2008}}




@article{pumain1997pour,
	Author = {Pumain, Denise},
	Journal = {Espace g{\'e}ographique},
	Number = {2},
	Pages = {119--134},
	Title = {Pour une th{\'e}orie {\'e}volutive des villes},
	Volume = {26},
	Year = {1997}}




@book{varenne2017theories,
	Author = {Varenne, Franck},
	Publisher = {Editions Mat{\'e}riologiques},
	Title = {Th{\'e}ories et mod{\`e}les en sciences humaines. Le cas de la g{\'e}ographie},
	Year = {2017}}



@incollection{pumain2012urban,
	Author = {Pumain, Denise},
	Booktitle = {Complexity Theories of Cities Have Come of Age},
	Pages = {91--103},
	Publisher = {Springer},
	Title = {Urban systems dynamics, urban growth and scaling laws: The question of ergodicity},
	Year = {2012}}



@phdthesis{schmitt2014modelisation,
	Author = {Schmitt, Clara},
	School = {Paris 1},
	Title = {Mod{\'e}lisation de la dynamique des syst{\`e}mes de peuplement: de SimpopLocal {\`a} SimpopNet.},
	Year = {2014}}



@article{sanders1997simpop,
	Author = {Sanders, Lena and Pumain, Denise and Mathian, H{\'e}lene and Gu{\'e}rin-Pace, France and Bura, Stephane},
	Journal = {Environment and Planning B},
	Pages = {287--306},
	Title = {SIMPOP: a multiagent system for the study of urbanism},
	Volume = {24},
	Year = {1997}}



@inproceedings{raimbault2018systematic,
  title={A systematic comparison of interaction models for systems of cities},
  author={Raimbault, Juste},
  booktitle={Conference on Complex Systems 2018},
  year={2018}
}


@inproceedings{pumain2018from,
  title={From ERC GeoDiverCity : Knowledge accelerator and pending questions},
  author={Pumain, D.},
  booktitle={Conference on Complex Systems 2018},
  year={2018}
}





@inproceedings{raimbault2018extracting,
  title={Extracting knowledge from simulation models: trends and perspectives from the viewpoint of quantitative geography},
  author={Raimbault, Juste},
  booktitle={Conference on Complex Systems 2018},
  year={2018}
}


@article{pumain2003approche,
	Author = {Pumain, Denise},
	Journal = {G{\'e}ocarrefour},
	Number = {1},
	Pages = {25--31},
	Title = {Une approche de la complexit{\'e} en g{\'e}ographie},
	Volume = {78},
	Year = {2003}}



@inproceedings{cottineau2017initial,
  title={Initial spatial conditions in simulation models: the missing leg of sensitivity analyses?},
  author={Cottineau, Cl{\'e}mentine and Raimbault, Juste and Le Texier, Marion and Le N{\'e}chet, Florent and Reuillon, Romain},
  booktitle={2017 International Conference on GeoComputation: Celebrating 21 Years of GeoComputation},
  year={2017}
}


@article{banos2015importance,
  title={The importance of being hybrid for spatial epidemic models: a multi-scale approach},
  author={Banos, Arnaud and Corson, Nathalie and Gaudou, Benoit and Laperri{\`e}re, Vincent and Coyrehourcq, S{\'e}bastien Rey},
  journal={Systems},
  volume={3},
  number={4},
  pages={309--329},
  year={2015},
  publisher={Multidisciplinary Digital Publishing Institute}
}


@phdthesis{arduin2018modelisation,
  title={Mod{\'e}lisation math{\'e}matique des interactions entre pathog{\`e}nes chez l’h{\^o}te humain: Application aux virus de la grippe et au pneumocoque},
  author={Arduin, H{\'e}l{\`e}ne},
  year={2018},
  school={Universit{\'e} Paris-Saclay}
}


@inproceedings{lavallee2018dynamical,
  title={A dynamical model for the growth of a stand of Japanese knotweed including mowing as a management technique},
  author={Lavall{\'e}e, F. and Alvarez, I. and Dommanget, F. and Martin, S. and Reineking, B. and Smadi, C.},
	booktitle={Conference on Complex Systems 2018},
	year={2018}
}

@article{passerat2017reproducible,
  title={Reproducible Large-Scale Neuroimaging Studies with the OpenMOLE Workflow Management System},
  author={Passerat-Palmbach, Jonathan and Reuillon, Romain and Leclaire, Mathieu and Makropoulos, Antonios and Robinson, Emma C and Parisot, Sarah and Rueckert, Daniel},
  journal={Frontiers in neuroinformatics},
  volume={11},
  pages={21},
  year={2017},
  publisher={Frontiers}
}


@inproceedings{raimbault2017applied,
  title={An Applied Knowledge Framework to Study Complex Systems},
  author={Raimbault, Juste},
  booktitle={Complex Systems Design \& Management},
  pages={31--45},
  year={2017}
}

@inproceedings{raimbault2014hybrid,
  title={A Hybrid Network/Grid Model of Urban Morphogenesis and Optimization},
  author={Raimbault, Juste and Banos, Arnaud and Doursat, Ren{\'e}},
  booktitle={4th International Conference on Complex Systems and Applications},
  pages={51--60},
  year={2014}
}

@article{openshaw1987mark,
  title={A mark 1 geographical analysis machine for the automated analysis of point data sets},
  author={Openshaw, Stan and Charlton, Martin and Wymer, Colin and Craft, Alan},
  journal={International Journal of Geographical Information System},
  volume={1},
  number={4},
  pages={335--358},
  year={1987},
  publisher={Taylor \& Francis}
}


@book{behnisch2018trends,
  title={Trends in Spatial Analysis and Modelling},
  author={Behnisch, Martin and Meinel, Gotthard},
  year={2018},
  publisher={Springer}
}



@inproceedings{perez2016agent,
	Author = {Perez, Pascal and Banos, Arnaud and Pettit, Chris},
	Booktitle = {International Workshop on Agent Based Modelling of Urban Systems},
	Organization = {Springer},
	Pages = {60--69},
	Title = {Agent-Based Modelling for Urban Planning Current Limitations and Future Trends},
	Year = {2016}}



@article{arribas2018geography,
  title={Geography and computers: Past, present, and future},
  author={Arribas-Bel, Dani and Reades, Jon},
  journal={Geography Compass},
  pages={e12403},
  year={2018},
  publisher={Wiley Online Library}
}





@article{pumain2006evolutionary,
	Author = {Pumain, Denise and Paulus, Fabien and Vacchiani-Marcuzzo, C{\'e}line and Lobo, Jos{\'e}},
	Journal = {Cybergeo: European Journal of Geography},
	Title = {An evolutionary theory for interpreting urban scaling laws},
	Year = {2006}}




@incollection{pumain2018evolutionary,
	Author = {Pumain, Denise},
	Booktitle = {International and Transnational Perspectives on Urban Systems},
	Pages = {3--18},
	Publisher = {Springer},
	Title = {An Evolutionary Theory of Urban Systems},
	Year = {2018}}



@article{batty1991generating,
	Author = {Batty, Michael},
	Journal = {Environment and Planning A},
	Number = {4},
	Pages = {511--544},
	Title = {Generating urban forms from diffusive growth},
	Volume = {23},
	Year = {1991}}




@article{turing1952chemical,
	Author = {Turing, Alan Mathison},
	Journal = {Philosophical Transactions of the Royal Society of London B: Biological Sciences},
	Number = {641},
	Pages = {37--72},
	Title = {The chemical basis of morphogenesis},
	Volume = {237},
	Year = {1952}}



@article{fujita1996economics,
	Author = {Fujita, Masahisa and Thisse, Jacques-Fran{\c{c}}ois},
	Journal = {Journal of the Japanese and international economies},
	Number = {4},
	Pages = {339--378},
	Title = {Economics of agglomeration},
	Volume = {10},
	Year = {1996}}



@article{banos2012network,
  title={Network effects in Schelling's model of segregation: new evidence from agent-based simulation},
  author={Banos, Amaud},
  journal={Environment and Planning B: Planning and Design},
  volume={39},
  number={2},
  pages={393--405},
  year={2012},
  publisher={SAGE Publications Sage UK: London, England}
}


@article{raimbault2018calibration,
  title={Calibration of a density-based model of urban morphogenesis},
  author={Raimbault, Juste},
  journal={PloS one},
  volume={13},
  number={9},
  pages={e0203516},
  year={2018},
  publisher={Public Library of Science}
}


@article{raimbault2019generating,
title={Generating urban morphologies at large scales},
author={Raimbault, J. and Perret, J.},
year={2019},
journal={Forthcoming in proceedings of Artificial Life 2019. arXiv:1903.06807}
}

